@article{schnorr,
    author =       "C. P. Schnorr, M. Euchner",
    title =        "Lattice Basis Reduction: Improved Practical Algorithms and Solving Subset Sum Problems",
    journal =      "Mathematical Programming",
    volume =       "66",
    number =       "1-3",
    pages =        "181-199",
    year =         "1994",
    DOI =          "http://link.springer.com/article/10.1007/BF01581144"
}

@article{latticeAverage,
    author =       "Phong Q. Nguyen, Damien Stehlé",
    title =        "LLL on the Average",
    journal =      "Algorithmic Number Theory",
    volume =       "4076",
    pages =        "238-256",
    year =         "2006",
    DOI =         "http://link.springer.com/chapter/10.1007/11792086_18"
}

@article{parallel,
    author =       "Özgür Dagdelen, Michael Schneider",
    title =        "Parallel Enumeration of Shortest Lattice Vectors",
    journal =      "Algorithmic Number Theory",
    volume =       "6272",
    pages =        "211-222",
    year =         "2010",
    DOI =         "http://link.springer.com/chapter/10.1007/978-3-642-15291-7_21"
}

@article{fabio,
    author =       "Fabio Correia",
    title =        "Assessing the Hardness of SVP Algorithms on Multi-core CPUs",
    year =         "2014",
    DOI =         "http://link.springer.com/chapter/10.1007/11792086_18"
}